<?xml version='1.0' encoding='UTF-8'?>
<record xmlns="http://www.loc.gov/MARC21/slim">
  <leader>01510cam a2200289 a 4500</leader>
  <controlfield tag="001">2793437</controlfield>
  <controlfield tag="003">NjP</controlfield>
  <controlfield tag="005">20171013182540.0</controlfield>
  <controlfield tag="008">000209q18901899mr            000 0 ara d</controlfield>
  <datafield tag="024" ind1="7" ind2=" ">
    <subfield code="a">princeton_aco003019</subfield>
    <subfield code="2">local</subfield>
  </datafield>
  <datafield ind1=" " ind2=" " tag="035">
    <subfield code="9">CNK3362TS</subfield>
  </datafield>
  <datafield ind1=" " ind2=" " tag="040">
    <subfield code="a">NjP</subfield>
    <subfield code="c">NjP</subfield>
  </datafield>
  <datafield ind1=" " ind2=" " tag="043">
    <subfield code="a">f-mr---</subfield>
  </datafield>
  <datafield ind1="1" ind2=" " tag="100">
    <subfield code="a">Islāmī, ʻAbd al-Ḥaqq.</subfield>
  </datafield>
  <datafield ind1="1" ind2="3" tag="245">
    <subfield code="a">al-Sayf al-mamdūd fī al-radd ʻalá aḥbār al-Yahūd /</subfield>
    <subfield code="c">lil-Shaykh ʻAbd al-Ḥaqq al-Islāmī.</subfield>
  </datafield>
  <datafield ind1="1" ind2=" " tag="246">
    <subfield code="i">Title from text on p. 3:</subfield>
    <subfield code="a">Ḥusām al-mamdūd fī al-radd ʻalá al-Yahūd</subfield>
  </datafield>
  <datafield ind1=" " ind2=" " tag="260">
    <subfield code="a">[Morocco :</subfield>
    <subfield code="b">s.n.,</subfield>
    <subfield code="c">189-?]</subfield>
  </datafield>
  <datafield ind1=" " ind2=" " tag="300">
    <subfield code="a">8, 8, 8 p. ;</subfield>
    <subfield code="c">23 cm.</subfield>
  </datafield>
  <datafield ind1=" " ind2=" " tag="590">
    <subfield code="a">Firestone copy bound with: Khatmah ʻalá Mukhtaṣar Khalīl / lil-muʾallifihā wa-jāmiʻihā Abī ʻAbd Allāh Maḥammad ibn Qāsim al-Qādirī. [Morocco : s.n.], 1322 [1904]. Bound together subsequent to publication.</subfield>
  </datafield>
  <datafield ind1=" " ind2=" " tag="590">
    <subfield code="a">Arab copy 1-2 BP189.55.I264 1900z bound with: Ḥizb. [Morocco : s.n., 190-?]. Bound together subsequent to publication.</subfield>
  </datafield>
  <datafield ind1=" " ind2="0" tag="650">
    <subfield code="a">Islam</subfield>
    <subfield code="x">Relations</subfield>
    <subfield code="x">Judaism.</subfield>
    <subfield code="0">http://id.loc.gov/authorities/subjects/sh87002556</subfield>
  </datafield>
  <datafield ind1=" " ind2="0" tag="650">
    <subfield code="a">Judaism</subfield>
    <subfield code="x">Relations</subfield>
    <subfield code="x">Islam.</subfield>
    <subfield code="0">http://id.loc.gov/authorities/subjects/sh87002536</subfield>
  </datafield>
  <datafield ind1=" " ind2="0" tag="650">
    <subfield code="a">Jews</subfield>
    <subfield code="z">Morocco.</subfield>
    <subfield code="0">http://id.loc.gov/authorities/subjects/sh85070475</subfield>
  </datafield>
  <datafield ind1=" " ind2="0" tag="651">
    <subfield code="a">Morocco</subfield>
    <subfield code="x">Ethnic relations.</subfield>
    <subfield code="0">http://id.loc.gov/authorities/subjects/sh2008115945</subfield>
  </datafield>
  <datafield ind1=" " ind2="7" tag="655">
    <subfield code="a">Lithographs</subfield>
    <subfield code="z">Morocco</subfield>
    <subfield code="2">gmgpc</subfield>
  </datafield>
  <datafield ind1=" " ind2=" " tag="948">
    <subfield code="a">jeb</subfield>
  </datafield>
  <datafield ind1=" " ind2=" " tag="911">
    <subfield code="a">20000211</subfield>
  </datafield>
  <datafield ind1=" " ind2=" " tag="912">
    <subfield code="a">20000322051550.0</subfield>
  </datafield>
  <datafield ind1="0" ind2="0" tag="852">
    <subfield code="0">3104803</subfield>
    <subfield code="b">rcppa</subfield>
    <subfield code="t">1</subfield>
    <subfield code="h">BP173.J8</subfield>
    <subfield code="i">I842 1890z</subfield>
    <subfield code="x">tr fr arab</subfield>
  </datafield>
  <datafield ind1="0" ind2="0" tag="852">
    <subfield code="0">3157976</subfield>
    <subfield code="b">rcppa</subfield>
    <subfield code="t">1</subfield>
    <subfield code="h">KBP320.K43</subfield>
    <subfield code="i">A36837 1904</subfield>
    <subfield code="x">tr fr nec</subfield>
  </datafield>
  <datafield ind1="0" ind2="0" tag="852">
    <subfield code="0">3160255</subfield>
    <subfield code="b">rcppa</subfield>
    <subfield code="t">1</subfield>
    <subfield code="h">BP189.55</subfield>
    <subfield code="i">.I264 1900z</subfield>
    <subfield code="x">tr fr arab</subfield>
  </datafield>
  <datafield ind1=" " ind2=" " tag="959">
    <subfield code="a">2000-06-13 00:00:00 -0500</subfield>
  </datafield>
</record>
